[gd_resource type="TileSet" load_steps=81 format=2]

[ext_resource path="res://tileset/tiles/tileset.png" type="Texture" id=1]

[sub_resource type="OccluderPolygon2D" id=1]

closed = true
cull_mode = 0
polygon = PoolVector2Array( 64, 64, 64, 64, 64, 64 )

[sub_resource type="OccluderPolygon2D" id=55]

closed = true
cull_mode = 0
polygon = PoolVector2Array( 64, 16, 0, 16, 0, 64, 64, 64 )

[sub_resource type="OccluderPolygon2D" id=56]

closed = true
cull_mode = 0
polygon = PoolVector2Array( 0, 48, 64, 48, 64, 0, 0, 0 )

[sub_resource type="OccluderPolygon2D" id=78]

closed = true
cull_mode = 0
polygon = PoolVector2Array( 64, 16, 28, 16, 20, 20, 16, 28, 16, 36, 20, 44, 28, 48, 64, 48 )

[sub_resource type="OccluderPolygon2D" id=2]

closed = true
cull_mode = 0
polygon = PoolVector2Array( 64, 16, 28, 16, 20, 20, 16, 28, 16, 64, 64, 64 )

[sub_resource type="OccluderPolygon2D" id=52]

closed = true
cull_mode = 0
polygon = PoolVector2Array( 16, 0, 16, 36, 20, 44, 28, 48, 64, 48, 64, 0 )

[sub_resource type="OccluderPolygon2D" id=57]

closed = true
cull_mode = 0
polygon = PoolVector2Array( 16, 0, 16, 64, 64, 64, 64, 0 )

[sub_resource type="OccluderPolygon2D" id=79]

closed = true
cull_mode = 0
polygon = PoolVector2Array( 64, 16, 0, 16, 0, 48, 64, 48 )

[sub_resource type="OccluderPolygon2D" id=3]

closed = true
cull_mode = 0
polygon = PoolVector2Array( 44, 20, 48, 28, 48, 64, 0, 64, 0, 16, 36, 16 )

[sub_resource type="OccluderPolygon2D" id=53]

closed = true
cull_mode = 0
polygon = PoolVector2Array( 48, 0, 48, 36, 44, 44, 36, 48, 0, 48, 0, 0 )

[sub_resource type="OccluderPolygon2D" id=58]

closed = true
cull_mode = 0
polygon = PoolVector2Array( 48, 0, 48, 64, 0, 64, 0, 0 )

[sub_resource type="OccluderPolygon2D" id=80]

closed = true
cull_mode = 0
polygon = PoolVector2Array( 44, 20, 36, 16, 0, 16, 0, 48, 36, 48, 44, 44, 48, 36, 48, 28 )

[sub_resource type="OccluderPolygon2D" id=4]

closed = true
cull_mode = 0
polygon = PoolVector2Array( 52, 52, 60, 48, 64, 48, 64, 0, 0, 0, 0, 64, 48, 64, 48, 60 )

[sub_resource type="OccluderPolygon2D" id=54]

closed = true
cull_mode = 0
polygon = PoolVector2Array( 48, 0, 48, 4, 52, 12, 60, 16, 64, 16, 64, 64, 0, 64, 0, 0 )

[sub_resource type="OccluderPolygon2D" id=59]

closed = true
cull_mode = 0
polygon = PoolVector2Array( 48, 0, 48, 4, 52, 12, 60, 16, 64, 16, 64, 48, 60, 48, 52, 52, 48, 60, 48, 64, 16, 64, 16, 0 )

[sub_resource type="OccluderPolygon2D" id=76]

closed = true
cull_mode = 0
polygon = PoolVector2Array( 48, 0, 48, 4, 52, 12, 60, 16, 64, 16, 64, 48, 0, 48, 0, 16, 4, 16, 12, 12, 16, 4, 16, 0 )

[sub_resource type="OccluderPolygon2D" id=5]

closed = true
cull_mode = 0
polygon = PoolVector2Array( 0, 48, 4, 48, 12, 52, 16, 60, 16, 64, 64, 64, 64, 0, 0, 0 )

[sub_resource type="OccluderPolygon2D" id=51]

closed = true
cull_mode = 0
polygon = PoolVector2Array( 16, 4, 16, 4, 12, 12, 4, 16, 0, 16, 0, 64, 64, 64, 64, 0, 16, 0 )

[sub_resource type="OccluderPolygon2D" id=60]

closed = true
cull_mode = 0
polygon = PoolVector2Array( 0, 16, 64, 16, 64, 48, 60, 48, 52, 52, 48, 60, 48, 64, 16, 64, 16, 60, 12, 52, 4, 48, 0, 48 )

[sub_resource type="OccluderPolygon2D" id=77]

closed = true
cull_mode = 0
polygon = PoolVector2Array( 16, 0, 16, 4, 12, 12, 4, 16, 4, 16, 0, 16, 0, 48, 4, 48, 12, 52, 16, 60, 16, 64, 48, 64, 48, 0 )

[sub_resource type="OccluderPolygon2D" id=37]

closed = true
cull_mode = 0
polygon = PoolVector2Array( 16, 64, 16, 28, 20, 20, 28, 16, 36, 16, 44, 20, 48, 28, 48, 64 )

[sub_resource type="OccluderPolygon2D" id=50]

closed = true
cull_mode = 0
polygon = PoolVector2Array( 16, 0, 16, 64, 48, 64, 48, 0 )

[sub_resource type="OccluderPolygon2D" id=61]

closed = true
cull_mode = 0
polygon = PoolVector2Array( 16, 0, 16, 36, 20, 44, 28, 48, 36, 48, 44, 44, 48, 36, 48, 0 )

[sub_resource type="OccluderPolygon2D" id=75]

closed = true
cull_mode = 0
polygon = PoolVector2Array( 16, 16, 24, 12, 40, 12, 48, 16, 52, 24, 52, 40, 48, 48, 40, 52, 24, 52, 16, 48, 12, 40, 12, 24 )

[sub_resource type="OccluderPolygon2D" id=38]

closed = true
cull_mode = 0
polygon = PoolVector2Array( 16, 28, 20, 20, 28, 16, 64, 16, 64, 48, 60, 48, 52, 52, 48, 60, 48, 64, 16, 64 )

[sub_resource type="OccluderPolygon2D" id=48]

closed = true
cull_mode = 0
polygon = PoolVector2Array( 48, 0, 48, 4, 52, 12, 60, 16, 64, 16, 64, 48, 28, 48, 20, 44, 16, 36, 16, 0 )

[sub_resource type="OccluderPolygon2D" id=62]

closed = true
cull_mode = 0
polygon = PoolVector2Array( 0, 16, 4, 16, 12, 12, 16, 4, 16, 0, 64, 0, 64, 48, 60, 48, 52, 52, 48, 60, 48, 64, 0, 64 )

[sub_resource type="OccluderPolygon2D" id=74]

closed = true
cull_mode = 0
polygon = PoolVector2Array( 16, 4, 16, 4, 12, 12, 4, 16, 0, 16, 0, 48, 4, 48, 12, 52, 16, 60, 16, 64, 64, 64, 64, 0, 16, 0 )

[sub_resource type="OccluderPolygon2D" id=39]

closed = true
cull_mode = 0
polygon = PoolVector2Array( 0, 16, 36, 16, 44, 20, 48, 28, 48, 64, 16, 64, 16, 60, 12, 52, 4, 48, 0, 48 )

[sub_resource type="OccluderPolygon2D" id=49]

closed = true
cull_mode = 0
polygon = PoolVector2Array( 48, 0, 48, 36, 44, 44, 36, 48, 0, 48, 0, 16, 4, 16, 12, 12, 16, 4, 16, 0 )

[sub_resource type="OccluderPolygon2D" id=63]

closed = true
cull_mode = 0
polygon = PoolVector2Array( 0, 48, 4, 48, 12, 52, 16, 60, 16, 64, 64, 64, 64, 16, 60, 16, 52, 12, 48, 4, 48, 0, 0, 0 )

[sub_resource type="OccluderPolygon2D" id=73]

closed = true
cull_mode = 0
polygon = PoolVector2Array( 0, 0, 48, 0, 48, 4, 52, 12, 60, 16, 64, 16, 64, 48, 60, 48, 52, 52, 48, 60, 48, 64, 0, 64 )

[sub_resource type="OccluderPolygon2D" id=40]

closed = true
cull_mode = 0
polygon = PoolVector2Array( 16, 64, 16, 0, 48, 0, 48, 4, 52, 12, 60, 16, 64, 16, 64, 64 )

[sub_resource type="OccluderPolygon2D" id=47]

closed = true
cull_mode = 0
polygon = PoolVector2Array( 16, 0, 16, 4, 12, 12, 4, 16, 0, 16, 0, 48, 64, 48, 64, 0 )

[sub_resource type="OccluderPolygon2D" id=64]

closed = true
cull_mode = 0
polygon = PoolVector2Array( 0, 16, 4, 16, 12, 12, 16, 4, 16, 0, 48, 0, 48, 4, 52, 12, 60, 16, 64, 16, 64, 64, 16, 64, 16, 60, 12, 52, 4, 48, 0, 48 )

[sub_resource type="OccluderPolygon2D" id=71]

closed = true
cull_mode = 0
polygon = PoolVector2Array( 16, 0, 16, 4, 12, 12, 4, 16, 0, 16, 0, 48, 4, 48, 12, 52, 16, 60, 16, 64, 48, 64, 48, 60, 52, 52, 60, 48, 64, 48, 64, 0 )

[sub_resource type="OccluderPolygon2D" id=41]

closed = true
cull_mode = 0
polygon = PoolVector2Array( 0, 16, 64, 16, 64, 48, 60, 48, 52, 52, 48, 60, 48, 64, 0, 64 )

[sub_resource type="OccluderPolygon2D" id=46]

closed = true
cull_mode = 0
polygon = PoolVector2Array( 48, 0, 48, 64, 16, 64, 16, 60, 12, 52, 4, 48, 0, 48, 0, 0 )

[sub_resource type="OccluderPolygon2D" id=65]

closed = true
cull_mode = 0
polygon = PoolVector2Array( 0, 16, 4, 16, 12, 12, 16, 4, 16, 0, 48, 0, 48, 4, 52, 12, 60, 16, 64, 16, 64, 48, 60, 48, 52, 52, 48, 60, 48, 64, 0, 64 )

[sub_resource type="OccluderPolygon2D" id=72]

closed = true
cull_mode = 0
polygon = PoolVector2Array( 0, 0, 48, 0, 48, 4, 52, 12, 60, 16, 64, 16, 64, 48, 60, 48, 52, 52, 48, 60, 48, 64, 16, 64, 16, 60, 12, 52, 4, 48, 0, 48 )

[sub_resource type="OccluderPolygon2D" id=42]

closed = true
cull_mode = 0
polygon = PoolVector2Array( 0, 48, 4, 48, 12, 52, 16, 60, 16, 64, 64, 64, 64, 16, 0, 16 )

[sub_resource type="OccluderPolygon2D" id=45]

closed = true
cull_mode = 0
polygon = PoolVector2Array( 16, 0, 16, 64, 48, 64, 48, 60, 52, 52, 60, 48, 64, 48, 64, 0 )

[sub_resource type="OccluderPolygon2D" id=66]

closed = true
cull_mode = 0
polygon = PoolVector2Array( 0, 16, 4, 16, 12, 12, 16, 4, 16, 0, 48, 0, 48, 4, 52, 12, 60, 16, 64, 16, 64, 64, 0, 64 )

[sub_resource type="OccluderPolygon2D" id=70]

closed = true
cull_mode = 0
polygon = PoolVector2Array( 0, 0, 64, 0, 64, 48, 60, 48, 52, 52, 48, 60, 48, 64, 16, 64, 16, 60, 12, 52, 4, 48, 0, 48 )

[sub_resource type="OccluderPolygon2D" id=43]

closed = true
cull_mode = 0
polygon = PoolVector2Array( 0, 16, 4, 16, 12, 12, 16, 4, 16, 0, 48, 0, 48, 64, 0, 64 )

[sub_resource type="OccluderPolygon2D" id=44]

closed = true
cull_mode = 0
polygon = PoolVector2Array( 48, 4, 48, 4, 52, 12, 60, 16, 64, 16, 64, 48, 0, 48, 0, 0, 48, 0 )

[sub_resource type="OccluderPolygon2D" id=67]

closed = true
cull_mode = 0
polygon = PoolVector2Array( 0, 16, 4, 16, 12, 12, 16, 4, 16, 0, 48, 0, 48, 4, 52, 12, 60, 16, 64, 16, 64, 48, 60, 48, 52, 52, 48, 60, 48, 64, 16, 64, 16, 60, 12, 52, 4, 48, 0, 48 )

[sub_resource type="OccluderPolygon2D" id=68]

closed = true
cull_mode = 0
polygon = PoolVector2Array( 0, 0, 64, 0, 64, 64, 0, 64 )

[sub_resource type="ConvexPolygonShape2D" id=6]

custom_solver_bias = 0.0
points = PoolVector2Array( 0, 0, 64, 0, 64, 64, 0, 64 )

[sub_resource type="ConvexPolygonShape2D" id=7]

custom_solver_bias = 0.0
points = PoolVector2Array( 0, 0, 64, 0, 64, 64, 0, 64 )

[sub_resource type="ConvexPolygonShape2D" id=8]

custom_solver_bias = 0.0
points = PoolVector2Array( 0, 0, 64, 0, 64, 64, 0, 64 )

[sub_resource type="ConvexPolygonShape2D" id=9]

custom_solver_bias = 0.0
points = PoolVector2Array( 0, 0, 64, 0, 64, 64, 0, 64 )

[sub_resource type="ConvexPolygonShape2D" id=10]

custom_solver_bias = 0.0
points = PoolVector2Array( 0, 0, 64, 0, 64, 64, 0, 64 )

[sub_resource type="ConvexPolygonShape2D" id=11]

custom_solver_bias = 0.0
points = PoolVector2Array( 0, 0, 64, 0, 64, 64, 0, 64 )

[sub_resource type="ConvexPolygonShape2D" id=12]

custom_solver_bias = 0.0
points = PoolVector2Array( 0, 0, 64, 0, 64, 64, 0, 64 )

[sub_resource type="ConvexPolygonShape2D" id=13]

custom_solver_bias = 0.0
points = PoolVector2Array( 0, 0, 64, 0, 64, 64, 0, 64 )

[sub_resource type="ConvexPolygonShape2D" id=14]

custom_solver_bias = 0.0
points = PoolVector2Array( 0, 0, 64, 0, 64, 64, 0, 64 )

[sub_resource type="ConvexPolygonShape2D" id=15]

custom_solver_bias = 0.0
points = PoolVector2Array( 0, 0, 64, 0, 64, 64, 0, 64 )

[sub_resource type="ConvexPolygonShape2D" id=16]

custom_solver_bias = 0.0
points = PoolVector2Array( 0, 0, 64, 0, 64, 64, 0, 64 )

[sub_resource type="ConvexPolygonShape2D" id=17]

custom_solver_bias = 0.0
points = PoolVector2Array( 0, 0, 64, 0, 64, 64, 0, 64 )

[sub_resource type="ConvexPolygonShape2D" id=18]

custom_solver_bias = 0.0
points = PoolVector2Array( 0, 0, 64, 0, 64, 64, 0, 64 )

[sub_resource type="ConvexPolygonShape2D" id=19]

custom_solver_bias = 0.0
points = PoolVector2Array( 0, 0, 64, 0, 64, 64, 0, 64 )

[sub_resource type="ConvexPolygonShape2D" id=20]

custom_solver_bias = 0.0
points = PoolVector2Array( 0, 0, 64, 0, 64, 64, 0, 64 )

[sub_resource type="ConvexPolygonShape2D" id=21]

custom_solver_bias = 0.0
points = PoolVector2Array( 0, 0, 64, 0, 64, 64, 0, 64 )

[sub_resource type="ConvexPolygonShape2D" id=22]

custom_solver_bias = 0.0
points = PoolVector2Array( 0, 0, 64, 0, 64, 64, 0, 64 )

[sub_resource type="ConvexPolygonShape2D" id=23]

custom_solver_bias = 0.0
points = PoolVector2Array( 0, 0, 64, 0, 64, 64, 0, 64 )

[sub_resource type="ConvexPolygonShape2D" id=24]

custom_solver_bias = 0.0
points = PoolVector2Array( 0, 0, 64, 0, 64, 64, 0, 64 )

[sub_resource type="ConvexPolygonShape2D" id=25]

custom_solver_bias = 0.0
points = PoolVector2Array( 0, 0, 64, 0, 64, 64, 0, 64 )

[sub_resource type="ConvexPolygonShape2D" id=26]

custom_solver_bias = 0.0
points = PoolVector2Array( 0, 0, 64, 0, 64, 64, 0, 64 )

[sub_resource type="ConvexPolygonShape2D" id=27]

custom_solver_bias = 0.0
points = PoolVector2Array( 0, 0, 64, 0, 64, 64, 0, 64 )

[sub_resource type="ConvexPolygonShape2D" id=28]

custom_solver_bias = 0.0
points = PoolVector2Array( 0, 0, 64, 0, 64, 64, 0, 64 )

[sub_resource type="ConvexPolygonShape2D" id=29]

custom_solver_bias = 0.0
points = PoolVector2Array( 0, 0, 64, 0, 64, 64, 0, 64 )

[sub_resource type="ConvexPolygonShape2D" id=30]

custom_solver_bias = 0.0
points = PoolVector2Array( 0, 0, 64, 0, 64, 64, 0, 64 )

[sub_resource type="ConvexPolygonShape2D" id=31]

custom_solver_bias = 0.0
points = PoolVector2Array( 0, 0, 64, 0, 64, 64, 0, 64 )

[sub_resource type="ConvexPolygonShape2D" id=32]

custom_solver_bias = 0.0
points = PoolVector2Array( 0, 0, 64, 0, 64, 64, 0, 64 )

[sub_resource type="ConvexPolygonShape2D" id=33]

custom_solver_bias = 0.0
points = PoolVector2Array( 0, 0, 64, 0, 64, 64, 0, 64 )

[sub_resource type="ConvexPolygonShape2D" id=34]

custom_solver_bias = 0.0
points = PoolVector2Array( 0, 0, 64, 0, 64, 64, 0, 64 )

[sub_resource type="ConvexPolygonShape2D" id=35]

custom_solver_bias = 0.0
points = PoolVector2Array( 0, 0, 64, 0, 64, 64, 0, 64 )

[sub_resource type="ConvexPolygonShape2D" id=36]

custom_solver_bias = 0.0
points = PoolVector2Array( 0, 0, 64, 0, 64, 64, 0, 64 )

[resource]

0/name = "autotile"
0/texture = ExtResource( 1 )
0/tex_offset = Vector2( 0, 0 )
0/modulate = Color( 1, 1, 1, 1 )
0/region = Rect2( 0, 0, 768, 256 )
0/is_autotile = true
0/autotile/bitmask_mode = 1
0/autotile/icon_coordinate = Vector2( 5, 3 )
0/autotile/tile_size = Vector2( 64, 64 )
0/autotile/spacing = 0
0/autotile/bitmask_flags = [ Vector2( 0, 1 ), 504, Vector2( 0, 2 ), 63, Vector2( 0, 3 ), 48, Vector2( 1, 0 ), 432, Vector2( 1, 1 ), 54, Vector2( 1, 2 ), 438, Vector2( 1, 3 ), 56, Vector2( 2, 0 ), 216, Vector2( 2, 1 ), 27, Vector2( 2, 2 ), 219, Vector2( 2, 3 ), 24, Vector2( 3, 0 ), 255, Vector2( 3, 1 ), 507, Vector2( 3, 2 ), 178, Vector2( 3, 3 ), 58, Vector2( 4, 0 ), 447, Vector2( 4, 1 ), 510, Vector2( 4, 2 ), 184, Vector2( 4, 3 ), 154, Vector2( 5, 0 ), 144, Vector2( 5, 1 ), 146, Vector2( 5, 2 ), 18, Vector2( 5, 3 ), 16, Vector2( 6, 0 ), 176, Vector2( 6, 1 ), 50, Vector2( 6, 2 ), 254, Vector2( 6, 3 ), 446, Vector2( 7, 0 ), 152, Vector2( 7, 1 ), 26, Vector2( 7, 2 ), 443, Vector2( 7, 3 ), 251, Vector2( 8, 0 ), 434, Vector2( 8, 1 ), 62, Vector2( 8, 2 ), 442, Vector2( 8, 3 ), 190, Vector2( 9, 0 ), 248, Vector2( 9, 1 ), 155, Vector2( 9, 2 ), 250, Vector2( 9, 3 ), 187, Vector2( 10, 0 ), 440, Vector2( 10, 1 ), 182, Vector2( 10, 2 ), 506, Vector2( 10, 3 ), 191, Vector2( 11, 0 ), 218, Vector2( 11, 1 ), 59, Vector2( 11, 2 ), 186, Vector2( 11, 3 ), 511 ]
0/autotile/occluder_map = [ Vector2( 0, 0 ), SubResource( 1 ), Vector2( 0, 1 ), SubResource( 55 ), Vector2( 0, 2 ), SubResource( 56 ), Vector2( 0, 3 ), SubResource( 78 ), Vector2( 1, 0 ), SubResource( 2 ), Vector2( 1, 1 ), SubResource( 52 ), Vector2( 1, 2 ), SubResource( 57 ), Vector2( 1, 3 ), SubResource( 79 ), Vector2( 2, 0 ), SubResource( 3 ), Vector2( 2, 1 ), SubResource( 53 ), Vector2( 2, 2 ), SubResource( 58 ), Vector2( 2, 3 ), SubResource( 80 ), Vector2( 3, 0 ), SubResource( 4 ), Vector2( 3, 1 ), SubResource( 54 ), Vector2( 3, 2 ), SubResource( 59 ), Vector2( 3, 3 ), SubResource( 76 ), Vector2( 4, 0 ), SubResource( 5 ), Vector2( 4, 1 ), SubResource( 51 ), Vector2( 4, 2 ), SubResource( 60 ), Vector2( 4, 3 ), SubResource( 77 ), Vector2( 5, 0 ), SubResource( 37 ), Vector2( 5, 1 ), SubResource( 50 ), Vector2( 5, 2 ), SubResource( 61 ), Vector2( 5, 3 ), SubResource( 75 ), Vector2( 6, 0 ), SubResource( 38 ), Vector2( 6, 1 ), SubResource( 48 ), Vector2( 6, 2 ), SubResource( 62 ), Vector2( 6, 3 ), SubResource( 74 ), Vector2( 7, 0 ), SubResource( 39 ), Vector2( 7, 1 ), SubResource( 49 ), Vector2( 7, 2 ), SubResource( 63 ), Vector2( 7, 3 ), SubResource( 73 ), Vector2( 8, 0 ), SubResource( 40 ), Vector2( 8, 1 ), SubResource( 47 ), Vector2( 8, 2 ), SubResource( 64 ), Vector2( 8, 3 ), SubResource( 71 ), Vector2( 9, 0 ), SubResource( 41 ), Vector2( 9, 1 ), SubResource( 46 ), Vector2( 9, 2 ), SubResource( 65 ), Vector2( 9, 3 ), SubResource( 72 ), Vector2( 10, 0 ), SubResource( 42 ), Vector2( 10, 1 ), SubResource( 45 ), Vector2( 10, 2 ), SubResource( 66 ), Vector2( 10, 3 ), SubResource( 70 ), Vector2( 11, 0 ), SubResource( 43 ), Vector2( 11, 1 ), SubResource( 44 ), Vector2( 11, 2 ), SubResource( 67 ), Vector2( 11, 3 ), SubResource( 68 ) ]
0/autotile/navpoly_map = [  ]
0/autotile/priority_map = [  ]
0/occluder_offset = Vector2( 0, 0 )
0/navigation_offset = Vector2( 0, 0 )
0/shapes = [ {
"autotile_coord": Vector2( 0, 1 ),
"one_way": false,
"shape": SubResource( 6 ),
"shape_transform": Transform2D( 1, 0, 0, 1, 0, 0 )
}, {
"autotile_coord": Vector2( 0, 2 ),
"one_way": false,
"shape": SubResource( 7 ),
"shape_transform": Transform2D( 1, 0, 0, 1, 0, 0 )
}, {
"autotile_coord": Vector2( 0, 3 ),
"one_way": false,
"shape": SubResource( 8 ),
"shape_transform": Transform2D( 1, 0, 0, 1, 0, 0 )
}, {
"autotile_coord": Vector2( 1, 0 ),
"one_way": false,
"shape": SubResource( 9 ),
"shape_transform": Transform2D( 1, 0, 0, 1, 0, 0 )
}, {
"autotile_coord": Vector2( 1, 1 ),
"one_way": false,
"shape": SubResource( 10 ),
"shape_transform": Transform2D( 1, 0, 0, 1, 0, 0 )
}, {
"autotile_coord": Vector2( 1, 2 ),
"one_way": false,
"shape": SubResource( 11 ),
"shape_transform": Transform2D( 1, 0, 0, 1, 0, 0 )
}, {
"autotile_coord": Vector2( 1, 3 ),
"one_way": false,
"shape": SubResource( 12 ),
"shape_transform": Transform2D( 1, 0, 0, 1, 0, 0 )
}, {
"autotile_coord": Vector2( 2, 0 ),
"one_way": false,
"shape": SubResource( 13 ),
"shape_transform": Transform2D( 1, 0, 0, 1, 0, 0 )
}, {
"autotile_coord": Vector2( 2, 1 ),
"one_way": false,
"shape": SubResource( 14 ),
"shape_transform": Transform2D( 1, 0, 0, 1, 0, 0 )
}, {
"autotile_coord": Vector2( 2, 2 ),
"one_way": false,
"shape": SubResource( 15 ),
"shape_transform": Transform2D( 1, 0, 0, 1, 0, 0 )
}, {
"autotile_coord": Vector2( 2, 3 ),
"one_way": false,
"shape": SubResource( 16 ),
"shape_transform": Transform2D( 1, 0, 0, 1, 0, 0 )
}, {
"autotile_coord": Vector2( 3, 2 ),
"one_way": false,
"shape": SubResource( 17 ),
"shape_transform": Transform2D( 1, 0, 0, 1, 0, 0 )
}, {
"autotile_coord": Vector2( 3, 3 ),
"one_way": false,
"shape": SubResource( 18 ),
"shape_transform": Transform2D( 1, 0, 0, 1, 0, 0 )
}, {
"autotile_coord": Vector2( 4, 2 ),
"one_way": false,
"shape": SubResource( 19 ),
"shape_transform": Transform2D( 1, 0, 0, 1, 0, 0 )
}, {
"autotile_coord": Vector2( 4, 3 ),
"one_way": false,
"shape": SubResource( 20 ),
"shape_transform": Transform2D( 1, 0, 0, 1, 0, 0 )
}, {
"autotile_coord": Vector2( 5, 0 ),
"one_way": false,
"shape": SubResource( 21 ),
"shape_transform": Transform2D( 1, 0, 0, 1, 0, 0 )
}, {
"autotile_coord": Vector2( 5, 1 ),
"one_way": false,
"shape": SubResource( 22 ),
"shape_transform": Transform2D( 1, 0, 0, 1, 0, 0 )
}, {
"autotile_coord": Vector2( 5, 2 ),
"one_way": false,
"shape": SubResource( 23 ),
"shape_transform": Transform2D( 1, 0, 0, 1, 0, 0 )
}, {
"autotile_coord": Vector2( 5, 3 ),
"one_way": false,
"shape": SubResource( 24 ),
"shape_transform": Transform2D( 1, 0, 0, 1, 0, 0 )
}, {
"autotile_coord": Vector2( 6, 0 ),
"one_way": false,
"shape": SubResource( 25 ),
"shape_transform": Transform2D( 1, 0, 0, 1, 0, 0 )
}, {
"autotile_coord": Vector2( 6, 1 ),
"one_way": false,
"shape": SubResource( 26 ),
"shape_transform": Transform2D( 1, 0, 0, 1, 0, 0 )
}, {
"autotile_coord": Vector2( 7, 0 ),
"one_way": false,
"shape": SubResource( 27 ),
"shape_transform": Transform2D( 1, 0, 0, 1, 0, 0 )
}, {
"autotile_coord": Vector2( 7, 1 ),
"one_way": false,
"shape": SubResource( 28 ),
"shape_transform": Transform2D( 1, 0, 0, 1, 0, 0 )
}, {
"autotile_coord": Vector2( 8, 0 ),
"one_way": false,
"shape": SubResource( 29 ),
"shape_transform": Transform2D( 1, 0, 0, 1, 0, 0 )
}, {
"autotile_coord": Vector2( 8, 1 ),
"one_way": false,
"shape": SubResource( 30 ),
"shape_transform": Transform2D( 1, 0, 0, 1, 0, 0 )
}, {
"autotile_coord": Vector2( 9, 0 ),
"one_way": false,
"shape": SubResource( 31 ),
"shape_transform": Transform2D( 1, 0, 0, 1, 0, 0 )
}, {
"autotile_coord": Vector2( 9, 1 ),
"one_way": false,
"shape": SubResource( 32 ),
"shape_transform": Transform2D( 1, 0, 0, 1, 0, 0 )
}, {
"autotile_coord": Vector2( 10, 0 ),
"one_way": false,
"shape": SubResource( 33 ),
"shape_transform": Transform2D( 1, 0, 0, 1, 0, 0 )
}, {
"autotile_coord": Vector2( 10, 1 ),
"one_way": false,
"shape": SubResource( 34 ),
"shape_transform": Transform2D( 1, 0, 0, 1, 0, 0 )
}, {
"autotile_coord": Vector2( 11, 0 ),
"one_way": false,
"shape": SubResource( 35 ),
"shape_transform": Transform2D( 1, 0, 0, 1, 0, 0 )
}, {
"autotile_coord": Vector2( 11, 1 ),
"one_way": false,
"shape": SubResource( 36 ),
"shape_transform": Transform2D( 1, 0, 0, 1, 0, 0 )
} ]
_sections_unfolded = [ "0" ]

